@manual{tmi,
    author    = "Thierry Gallay",
    title     = "Théorie de la mesure et de l'intégration",
    year      = "2009",
    school    = "Université Joseph Fourier",
    address	  = "Grenoble"	
}

@book{wamsp,
    author    = "Albert Cohen, Robert D. Ryan",
    title     = "Wavelets and multiscale signal processing",
    year      = "1995",
    publisher = "Chapman and Hall"
}

@book{oplsn,
	author = "Frederic Truchetet",
	title = "Ondelettes pour le signal numérique"
	year = "1998",
	publisher = "Hermes"
}

@manual{adltdo,
	author = "Valérie Perrier",
	year = "2005",
	title = "Application de la théorie des ondelettes",
	school = "Polytechnique",
	address = "Grenoble"
}

@manual{adf,
	author = "Sylvie Benzoni",
	year = "2011",
	adress = "Lyon",
	school = "Université de Lyon",
	title= "Analyse de Fourier"
}